@article{griffiths2012profile,
  title={A profile of the future: what could HTML 5 do for HE by 2015?},
  author={Griffiths, Lee Scott and Ogden, Rick and Aspin, Rob},
  journal={Research in Learning Technology},
  volume={20},
  year={2012}
}

@article{vesselinov2012duolingo,
  title={Duolingo Effectiveness Study},
  author={Vesselinov, ROUMEN and Grego, JOHN},
  journal={City University of New York, USA},
  year={2012}
}

@inproceedings{alexander1995teaching,
  title={Teaching and learning on the World Wide Web},
  author={Alexander, Shirley},
  booktitle={Proceedings of AusWeb},
  volume={95},
  pages={93},
  year={1995}
}

@misc{duolingoDataDriven,
  title = {Duolingoâ€™s Data-Driven Approach to Education},
  howpublished = {\url{http://blog.duolingo.com/post/41960192602/duolingos-data-driven-approach-to-education}},
  note = {Accessed: 2014-02-20}
}

@misc{musicTheorynet,
  title = {musictheory.net, on online music theory tutor and ear trainer},
  howpublished = {\url{http://www.musictheory.net/}},
}

@misc{django,
  title = {Django project homepage},
  howpublished = {\url{https://www.djangoproject.com/},
}
@misc{coursera,
  title = {Coursera, Take the world's best courses, online, for free.},
  howpublished = {\url{http://www.coursera.org/}},
}

@misc{duolingo,
  title = {Duolingo, Free language education for the world!},
  howpublished = {\url{http://www.duolingo.com/}},
}

@misc{codeacademy,
  title = {Codeacademy, Learn to code interactively, for free.},
  howpublished = {\url{http://www.codeacademy.com/}},
}

@misc{audioStretch,
  title = {Flash based real-time pitch detection.},
  howpublished = {\url{http://www.audiostretch.com/pitch/},
}

@misc{webaudiodemos,
  title = {Javascript based real-time pitch detection.},
  howpublished = {\url{http://webaudiodemos.appspot.com/pitchdetect/index.html},
}

@misc{rhythmTrainer,
  title = {The Rhythm Trainer - rhythm recognition and representation.},
  howpublished = {\url{http://www.therhythmtrainer.com/},
}

@misc{intervalEarTrainer,
  title = {Interval Ear Trainer - recognise the interval between two notes.},
  howpublished = {\url{http://www.8notes.com/school/theory/interval_ear_trainer.asp},
}

@misc{scientificPitchTable,
  title = {Table of note frequencies.},
  howpublished = {\url{http://en.wikipedia.org/wiki/Scientific_pitch_notation#Table_of_note_frequencies},
}

@misc{quadraticInterpolation,
 title = {Quadratic interpolation formula},
 howpublished = {\url{http://www-rohan.sdsu.edu/doc/matlab/toolbox/optim/tutori5b.html},

}

@misc{testAudio,
	title = {Test set for Pitch Detection Algorithms},
	howpublished = {\url{http://www.tiny.cc/zdnlhx},
}


@ARTICLE{comparativePitchDetection, 
author={Rabiner, L. and Cheng, M. and Rosenberg, A.E. and McGonegal, C.}, 
journal={Acoustics, Speech and Signal Processing, IEEE Transactions on}, 
title={A comparative performance study of several pitch detection algorithms}, 
year={1976}, 
month={Oct}, 
volume={24}, 
number={5}, 
pages={399-418}, 
keywords={Autocorrelation;Detection algorithms;Detectors;Filtering algorithms;Linear predictive coding;Measurement standards;Microphones;Speech;Telephony;Wideband}, 
doi={10.1109/TASSP.1976.1162846}, 
ISSN={0096-3518},}

@article{loeffler2006instrument,
  title={Instrument timbres and pitch estimation in polyphonic music},
  author={Loeffler, Dominik B},
  year={2006},
  publisher={Georgia Institute of Technology}
}


